@article{grigorev,
  title={Traffic Incident Duration Prediction: A Systematic Review of Techniques},
  author={Grigorev, Artur and Mihaita, Adriana-Simona and Chen, Fang},
  journal={Journal of Advanced Transportation},
  year={2024},
  volume={2024},
  pages={Article ID 3748345, 36 pages},
  publisher={Wiley},
  url={https://doi.org/10.1155/atr/3748345}
}

@article{brubacher,
  title={The Association between Regional Environmental Factors and Road Trauma Rates: A Geospatial Analysis of 10 Years of Road Traffic Crashes in British Columbia, Canada},
  author={Brubacher, Jeffrey R. and Chan, Herbert and Erdelyi, Shannon and Schuurman, Nadine and Amram, Ofer},
  journal={PLoS ONE},
  year={2016},
  volume={11},
  number={4},
  pages={e0153742},
  url={https://doi.org/10.1371/journal.pone.0153742}
}

@article{mohamed,
  title={Machine Learning Algorithms to Improve Insurance Claim Prediction},
  author={Mohamed, Heba Soltan and Abdelhamed, Fathy Saad and Mahdy, Hanan Khadary},
  journal={Faculty of Business Administration},
  year={2025},
  volume={1},
  number={2},
  pages={20--36},
  month={January},
  publisher={Horus University},
}

@article{cabrera,
  title={Uncovering the behaviour of road accidents in urban areas},
  author={Cabrera-Arnau, Carlos and Prieto Curiel, Rafael and Bishop, Simon R.},
  journal={Royal Society Open Science},
  year={2020},
  volume={7},
  pages={191739},
  url={https://doi.org/10.1098/rsos.191739}
}

@article{bettencourt,
  author       = {Bettencourt, Lu{\'\i}s M.~A. and Lobo, Jos\'e and Helbing, Dirk and K\"uhnert, Christian and West, Geoffrey B.},
  title        = {Growth, Innovation, Scaling, and the Pace of Life in Cities},
  journal      = {Proceedings of the National Academy of Sciences},
  year         = {2007},
  volume       = {104},
  number       = {17},
  pages        = {7301--7306},
  url          = {https://doi.org/10.1073/pnas.0610172104},
}

@article{smeed1949,
  author       = {Smeed, Reuben J.},
  title        = {Some Statistical Aspects of Road Safety Research},
  journal      = {Journal of the Royal Statistical Society. Series A (General)},
  year         = {1949},
  volume       = {112},
  number       = {1},
}

@article{adeniyi,
  title={Understanding Road Accident Patterns Using Exploratory Data Mining: A Case Study of NYC},
  author={Adeniyi, Afolabi Paul},
  journal={Alabama A\&M University},
  year={2024},
  address={Normal, Alabama},
  note={Master's Thesis, Department of Community and Regional Planning},
  url={https://www.proquest.com/openview/6a23e635f5211337c03fd3ed364b0297/1},
}

@article{takale,
  author    = {Takale, Dattatray G. and Gunjal, Shubhangi D. and Khan, Vajid N. and Raj, Atul and Gujar, Satish N.},
  title     = {Road Accident Prediction Model Using Data Mining Techniques},
  journal   = {NeuroQuantology},
  year      = {2022},
  volume    = {20},
  number    = {16},
  pages     = {2904--2911},
  url       = {https://doi.org/10.48047/NQ.2022.20.16.NQ880299}
}

@article{liu,
  title={Driver Injury Prediction and Factor Analysis in Passenger Vehicle-to-Passenger Vehicle Collision Accidents Using Explainable Machine Learning},
  author={Liu, Peng and Zhang, Weiwei and Wu, Xuncheng and Guo, Wenfeng and Yu, Wangpengfei},
  journal={Vehicles},
  year={2025},
  volume={7},
  number={2},
  pages={42},
  url={https://doi.org/10.3390/vehicles7020042}
}

@article{behboudi,
  title={Recent Advances in Traffic Accident Analysis and Prediction: A Comprehensive Review of Machine Learning Techniques},
  author={Behboudi, Noushin and Moosavi, Sobhan and Ramnath, Rajiv},
  journal={arXiv preprint arXiv:2406.13968},
  year={2024},
  url={https://arxiv.org/abs/2406.13968}
}

@article{clemente,
  title={Modelling Motor Insurance Claim Frequency and Severity Using Gradient Boosting},
  author={Clemente, Carina and Guerreiro, Gracinda R. and Bravo, Jorge M.},
  journal={Risks},
  volume={11},
  number={9},
  pages={163},
  year={2023},
  url={https://doi.org/10.3390/risks11090163}
}

@article{ali,
  title={Advances, challenges, and future research needs in machine learning-based crash prediction models: A systematic review},
  author={Ali, Yasir and Hussain, Fizza and Haque, Md Mazharul},
  journal={Accident Analysis \& Prevention},
  volume={194},
  pages={107378},
  year={2024},
  url={https://doi.org/10.1016/j.aap.2023.107378}
}

@article{feng,
  title={Towards Big Data Analytics and Mining for UK Traffic Accident Analysis, Visualization \& Prediction},
  author={Feng, Mingchen and Zheng, Jiangbin and Ren, Jinchang and Liu, Yanqin},
  journal={Proceedings of the 2020 12th International Conference on Machine Learning and Computing (ICMLC)},
  pages={225--229},
  year={2020},
  publisher={ACM},
  url={https://doi.org/10.1145/3383972.3384034}
}

@article{dong,
  title={Predicting and Analyzing Road Traffic Injury Severity Using Boosting-Based Ensemble Learning Models with SHAPley Additive exPlanations},
  author={Dong, Sheng and Khattak, Afaq and Ullah, Irfan and Zhou, Jibiao and Hussain, Arshad},
  journal={International Journal of Environmental Research and Public Health},
  volume={19},
  number={5},
  pages={2925},
  year={2022},
  url={https://doi.org/10.3390/ijerph19052925}
}

@article{lundberg,
  title={A Unified Approach to Interpreting Model Predictions},
  author={Lundberg, Scott M. and Lee, Su-In},
  journal={Proceedings of the 31st International Conference on Neural Information Processing Systems (NIPS 2017)},
  pages={4765--4774},
  year={2017},
  organization={Curran Associates, Inc.},
  url={https://arxiv.org/abs/1705.07874}
}

@article{jonkheijm,
  title={Forecasting Insurance Claim Amounts in the Private Automobile Industry Using Machine Learning Algorithms},
  author={Jonkheijm, Tara},
  journal={Tilburg University},
  year={2023},
  address={Tilburg, The Netherlands},
  month={May},
  url={},
}

@article{henckaerts,
  title={Boosting Insights in Insurance Tariff Plans with Tree-Based Machine Learning Methods},
  author={Henckaerts, Roel and C{\^o}t{\'e}, Marie-Pier and Antonio, Katrien and Verbelen, Roel},
  journal={North American Actuarial Journal},
  volume={25},
  number={2},
  pages={255--285},
  year={2021},
  url={https://doi.org/10.1080/10920277.2020.1745656}
}

@article{kim,
  title={Development of an Interpretable Maritime Accident Prediction System Using Machine Learning Techniques},
  author={Kim, Gyeongho and Lim, Sunghoon},
  journal={IEEE Access},
  volume={10},
  pages={41313--41329},
  year={2022},
  url={https://doi.org/10.1109/ACCESS.2022.3168302}
}

@article{ning,
  title={Variable importance analysis with interpretable machine learning for fair risk prediction},
  author={Ning, Yilin and Li, Siqi and Ng, Yih Yng and Chia, Michael Yih Chong and Gan, Han Nee and Tiah, Ling and Mao, Desmond Renhao and Ng, Wei Ming and Leong, Benjamin Sieu-Hon and Doctor, Nausheen and Ong, Marcus Eng Hock and Liu, Nan},
  journal={PLOS Digital Health},
  volume={3},
  number={7},
  pages={e0000542},
  year={2024},
  url={https://doi.org/10.1371/journal.pdig.0000542}
}
